<record><leader>00000cas a22000007a 4500</leader><controlfield tag="001">13177329</controlfield><controlfield tag="008">860220d19151958nyuwr ne      0    0eng d</controlfield><datafield ind1=" " ind2=" " tag="010"><subfield code="a">sn 86063477 </subfield></datafield><datafield ind1=" " ind2=" " tag="040"><subfield code="a">KSH</subfield><subfield code="b">eng</subfield><subfield code="c">KSH</subfield><subfield code="d">NPT</subfield><subfield code="d">NYS</subfield><subfield code="d">OCLCQ</subfield></datafield><datafield ind1=" " ind2=" " tag="042"><subfield code="a">msc</subfield></datafield><datafield ind1="0" ind2="4" tag="245"><subfield code="a">The Oxford review-times.</subfield></datafield><datafield ind1=" " ind2=" " tag="260"><subfield code="a">Oxford, N.Y. :</subfield><subfield code="b">George L. Stafford</subfield></datafield><datafield ind1=" " ind2=" " tag="300"><subfield code="a">v. ;</subfield><subfield code="c">55 cm.</subfield></datafield><datafield ind1=" " ind2=" " tag="310"><subfield code="a">Weekly</subfield></datafield><datafield ind1="0" ind2=" " tag="362"><subfield code="a">Vol. 6, no. 10 (Jan. 8, 1915)-v. 47, no. 19 (Jan. 16, 1958).</subfield></datafield><datafield ind1=" " ind2=" " tag="500"><subfield code="a">Publishers: George L. Stafford, &lt;1915&gt;; George L. &amp; Clara M. Stafford, &lt;1937&gt;; Oxford Review-Times, Inc., &lt;1955&gt;; Chenango Publications, &lt;1958&gt;.</subfield></datafield><datafield ind1=" " ind2=" " tag="500"><subfield code="a">"Republican."</subfield></datafield><datafield ind1=" " ind2="4" tag="651"><subfield code="a">Oxford (N.Y.)</subfield><subfield code="v">Newspapers.</subfield></datafield><datafield ind1=" " ind2=" " tag="752"><subfield code="a">United States</subfield><subfield code="b">New York</subfield><subfield code="c">Chenango</subfield><subfield code="d">Oxford.</subfield></datafield><datafield ind1="0" ind2="4" tag="780"><subfield code="t">Oxford review (Oxford, N.Y.)</subfield><subfield code="w">(DLC)sn 86063476</subfield></datafield><datafield ind1="0" ind2="4" tag="780"><subfield code="t">Oxford times (Oxford, N.Y.)</subfield><subfield code="w">(DLC)sn 83031464</subfield></datafield><datafield ind1="0" ind2="0" tag="785"><subfield code="t">Review-times</subfield><subfield code="w">(DLC)sn 84031483</subfield><subfield code="w">(OCoLC)10972805</subfield></datafield><datafield ind1="1" ind2=" " tag="029"><subfield code="a">AU@</subfield><subfield code="b">000025813594</subfield></datafield></record>